<record><leader>00000cas a22000007a 4500</leader><controlfield tag="001">9434751</controlfield><controlfield tag="008">830421d18381839ohuwr ne      0    0eng d</controlfield><datafield ind1=" " ind2=" " tag="010"><subfield code="a">sn 83035090 </subfield></datafield><datafield ind1=" " ind2=" " tag="040"><subfield code="a">NPY</subfield><subfield code="b">eng</subfield><subfield code="c">NPY</subfield><subfield code="d">OCLCQ</subfield></datafield><datafield ind1=" " ind2=" " tag="042"><subfield code="a">msc</subfield></datafield><datafield ind1="0" ind2="4" tag="245"><subfield code="a">The Ohio transcript, and farmers' register.</subfield></datafield><datafield ind1=" " ind2=" " tag="260"><subfield code="a">Ohio City [Ohio] :</subfield><subfield code="b">T.H. Smead</subfield></datafield><datafield ind1=" " ind2=" " tag="300"><subfield code="a">v. ;</subfield><subfield code="c">55 cm.</subfield></datafield><datafield ind1=" " ind2=" " tag="310"><subfield code="a">Weekly</subfield></datafield><datafield ind1="1" ind2=" " tag="362"><subfield code="a">Began in 1838; ceased in 1839.</subfield><subfield code="z">Cf. Gregory, W. Amer. newspapers, 1937.</subfield></datafield><datafield ind1=" " ind2=" " tag="500"><subfield code="a">Published on Wednesday.</subfield></datafield><datafield ind1=" " ind2=" " tag="500"><subfield code="a">"Whig." Cf. Storkan, C. Cleveland newspapers, magazines, and periodicals, 1950 (thesis).</subfield></datafield><datafield ind1=" " ind2=" " tag="500"><subfield code="a">Editor: A.H. Lewis, &lt;1838&gt;.</subfield></datafield><datafield ind1=" " ind2=" " tag="588"><subfield code="a">Description based on: Vol. 1, no. 2 (Oct. 3, 1838).</subfield></datafield><datafield ind1="1" ind2=" " tag="700"><subfield code="a">Smead, Timothy H.</subfield></datafield><datafield ind1=" " ind2=" " tag="752"><subfield code="a">United States</subfield><subfield code="b">Ohio</subfield><subfield code="c">Cuyahoga</subfield><subfield code="d">Cleveland.</subfield></datafield><datafield ind1="0" ind2="0" tag="780"><subfield code="t">Ohio City argus</subfield><subfield code="w">(DLC)sn 83035034</subfield></datafield></record>